@article{Yu2016SeqGAN,
  title={SeqGAN: Sequence Generative Adversarial Nets with Policy Gradient},
  author={Yu, Lantao and Zhang, Weinan and Wang, Jun and Yu, Yong},
  year={2016},
}