@article{Yu2016SeqGAN,
  title={SeqGAN: Sequence Generative Adversarial Nets with Policy Gradient},
  author={Yu, Lantao and Zhang, Weinan and Wang, Jun and Yu, Yong},
  year={2016},
}
@article{fedus2018maskgan,
	title={MaskGAN: Better Text Generation via Filling in the ______},
	author={Fedus, William and Goodfellow, Ian J and Dai, Andrew M},
	journal={arXiv: Machine Learning},
	year={2018}}
@article{feifei2007learning,
	title={Learning generative visual models from few training examples: An incremental Bayesian approach tested on 101 object categories},
	author={Feifei, Li and Fergus, Rob and Perona, Pietro},
	journal={Computer Vision and Image Understanding},
	volume={106},
	number={1},
	pages={59--70},
	year={2007}}
